
@article{lorenz1963deterministic,
  title={Deterministic nonperiodic flow},
  author={Lorenz, Edward N},
  journal={Journal of atmospheric sciences},
  volume={20},
  number={2},
  pages={130--141},
  year={1963}
}

@article{lions2001resolution,
  title={Résolution d'EDP par un schéma en temps pararéel},
  author={Lions, Jacques-Louis and Maday, Yvon and Turinici, Gabriel},
  journal={Comptes Rendus de l'Acad{\'e}mie des Sciences-Series I-Mathematics},
  volume={332},
  number={7},
  pages={661--668},
  year={2001},
  publisher={Elsevier}
}
@article{scipy_ode,
  title={Differential Equations with SciPy – odeint or solve_ivp},
  author={Daniel Müller-Komorowska},
  year={February 16, 2021},
}