
@article{lorenz1963deterministic,
  title   = {Deterministic nonperiodic flow},
  author  = {Lorenz, Edward N},
  journal = {Journal of atmospheric sciences},
  volume  = {20},
  number  = {2},
  pages   = {130--141},
  year    = {1963}
}

@article{lions2001resolution,
  title     = {Résolution d'EDP par un schéma en temps pararéel},
  author    = {Lions, Jacques-Louis and Maday, Yvon and Turinici, Gabriel},
  journal   = {Comptes Rendus de l'Acad{\'e}mie des Sciences-Series I-Mathematics},
  volume    = {332},
  number    = {7},
  pages     = {661--668},
  year      = {2001},
  publisher = {Elsevier}
}
@article{scipy_ode,
  title  = {Differential Equations with SciPy - odeint or solve\_ivp},
  author = {Daniel Müller-Komorowska},
  year   = {February 16, 2021}
}

@misc{cemosis,
  title  = {Centre for modeling and simulation in Strasbourg},
  url    = {https://www.cemosis.fr/},
  author = {Cemosis}
}

@article{pararealwikipedia,
  title  = {Parareal- Wikipedia},
  url    = {https://en.wikipedia.org/wiki/Parareal},
  year   = {21 May 2024, at 09:27 (UTC)}
}

@misc{CoursTan,
  title  = {Cours Tan},
  url    = {https://feelpp.github.io/cours-tan/cours-tan/python/index.html},
  author = {Cemosis}
}

@misc{SciPy,
	title = {Integration and ODEs (scipy.integrate) — SciPy v1.13.1 Manual},
	url = {https://docs.scipy.org/doc/scipy/reference/integrate.html#integration-and-odes-scipy-integrate},
    author = {SciPy}
}

@article{lakoba2012simple,
  title={Simple Euler method and its modifications},
  author={Lakoba, Taras I},
  journal={Lecture Notes for MATH334},
  year={2012}
}
@article{butcher1996history,
  title={A history of Runge-Kutta methods},
  author={Butcher, John Charles},
  journal={Applied numerical mathematics},
  volume={20},
  number={3},
  pages={247--260},
  year={1996},
  publisher={Elsevier}
}
@inproceedings{lorenz1962statistical,
  title={The statistical prediction of solutions of dynamical equations},
  author={Lorenz, Edward N},
  booktitle={Proceedings of the International Symposium on Numerical Weather Prediction, 1962},
  year={1962},
  organization={Meteor. Soc. Japan}
}

@article{hindmarsh2005lsoda,
  title={LSODA, ordinary differential equation solver for stiff or non stiff system},
  author={Hindmarsh, AC and Petzold, LR},
  year={2005}
}
@article{shampine2000initial,
  title={Initial value problems for ODEs in problem solving environments},
  author={Shampine, Lawrence F and Corless, Robert M},
  journal={Journal of Computational and Applied Mathematics},
  volume={125},
  number={1-2},
  pages={31--40},
  year={2000},
  publisher={Elsevier}
}

@misc{forum1994mpi,
  title={MPI: A message-passing interface standard},
  author={Forum, Message P},
  year={1994},
  publisher={University of Tennessee}
}
@book{munshi2011opencl,
  title={OpenCL programming guide},
  author={Munshi, Aaftab and Gaster, Benedict and Mattson, Timothy G and Ginsburg, Dan},
  year={2011},
  publisher={Pearson Education}
}